<?xml version = "1.0" encoding = "UTF-8"?><OAI-PMH xmlns="http://www.openarchives.org/OAI/2.0/" xmlns:xsi="http://www.w3.org/2001/XMLSchema-instance" xsi:schemaLocation="http://www.openarchives.org/OAI/2.0/ http://www.openarchives.org/OAI/2.0/OAI-PMH.xsd"><ListRecords><record><header><identifier>aleph-publish:005434555</identifier></header><metadata><record xmlns="http://www.ddb.de/professionell/mabxml/mabxml-1.xsd"><leader>00000nM2.01200024------h</leader><controlfield tag="LDR">00000nM2.01200024------h</controlfield><controlfield tag="FMT">MH</controlfield><datafield tag="001" ind1="-" ind2="1"><subfield code="a">HT003497718</subfield></datafield><datafield tag="002" ind1="a" ind2="1"><subfield code="a">19991120</subfield></datafield><datafield tag="003" ind1="-" ind2="1"><subfield code="a">20221101155000.0</subfield></datafield><datafield tag="020" ind1="a" ind2="1"><subfield code="a">619424-2</subfield><subfield code="b">DNB</subfield></datafield><datafield tag="025" ind1="z" ind2="1"><subfield code="a">619424-2</subfield></datafield><datafield tag="025" ind1="a" ind2="1"><subfield code="a">01359009X</subfield></datafield><datafield tag="025" ind1="o" ind2="1"><subfield code="a">985104571</subfield></datafield><datafield tag="026" ind1="-" ind2="1"><subfield code="a">ZDB619424-2</subfield></datafield><controlfield tag="030">a||u|||||||37</controlfield><datafield tag="036" ind1="a" ind2="1"><subfield code="a">XA-DE</subfield></datafield><datafield tag="037" ind1="b" ind2="1"><subfield code="a">ger</subfield></datafield><controlfield tag="050">a|a|||||||||||</controlfield><controlfield tag="052">p||||||aza|||||</controlfield><datafield tag="060" ind1="-" ind2="1"><subfield code="b">txt</subfield><subfield code="a">Text</subfield></datafield><datafield tag="061" ind1="-" ind2="1"><subfield code="b">n</subfield><subfield code="a">ohne Hilfsmittel zu benutzen</subfield></datafield><datafield tag="062" ind1="-" ind2="1"><subfield code="b">nc</subfield><subfield code="a">Band</subfield></datafield><datafield tag="064" ind1="a" ind2="1"><subfield code="a">Zeitschrift</subfield><subfield code="9">(DE-588)4067488-5</subfield></datafield><datafield tag="070" ind1="-" ind2="1"><subfield code="a">9001</subfield></datafield><datafield tag="070" ind1="a" ind2="1"><subfield code="a">DNB</subfield></datafield><datafield tag="070" ind1="b" ind2="1"><subfield code="a">9001</subfield></datafield><datafield tag="073" ind1="-" ind2="1"><subfield code="a">8,1</subfield></datafield><datafield tag="078" ind1="n" ind2="1"><subfield code="a">NWBib-Zeitschrift</subfield></datafield><datafield tag="200" ind1="b" ind2="1"><subfield code="k">Heimatverein Eilendorf 1983</subfield><subfield code="4">isb</subfield><subfield code="3">Herausgebendes Organ</subfield><subfield code="9">(DE-588)2098277-X</subfield></datafield><datafield tag="201" ind1="-" ind2="1"><subfield code="k">Heimatverein Eilendorf 1983 e.V.</subfield></datafield><datafield tag="201" ind1="-" ind2="1"><subfield code="k">Heimatverein Aachen-Eilendorf</subfield></datafield><datafield tag="201" ind1="-" ind2="1"><subfield code="k">HVE</subfield></datafield><datafield tag="331" ind1="-" ind2="1"><subfield code="a">Eilendorfer Heimatblätter</subfield></datafield><datafield tag="335" ind1="-" ind2="1"><subfield code="a">Jahresschrift des Heimatvereins Eilendorf 1983 e.V.</subfield></datafield><datafield tag="405" ind1="-" ind2="1"><subfield code="a">1.1983(1984) -</subfield></datafield><datafield tag="406" ind1="b" ind2="1"><subfield code="d">1</subfield><subfield code="j">1983</subfield></datafield><datafield tag="419" ind1="-" ind2="1"><subfield code="a">Aachen-Eilendorf</subfield><subfield code="b">Heimatverein</subfield><subfield code="c">1984-</subfield><subfield code="A">3</subfield></datafield><datafield tag="425" ind1="b" ind2="1"><subfield code="a">1984</subfield></datafield><datafield tag="542" ind1="a" ind2="1"><subfield code="a">0177-0403</subfield></datafield><datafield tag="542" ind1="z" ind2="1"><subfield code="b">kart. (Pr. nicht mitget.), (für Mitglieder kostenlos)</subfield></datafield><datafield tag="574" ind1="-" ind2="1"><subfield code="a">85,B02,0814</subfield></datafield><datafield tag="583" ind1="-" ind2="1"><subfield code="a">Archivierung/Langzeitarchivierung gewährleistet</subfield><subfield code="c">2020</subfield><subfield code="f">PENW</subfield><subfield code="5">DE-5</subfield><subfield code="2">pdager</subfield></datafield><datafield tag="700" ind1="-" ind2="1"><subfield code="a">943</subfield><subfield code="2">DNB</subfield></datafield><datafield tag="700" ind1="-" ind2="1"><subfield code="a">914.3</subfield><subfield code="2">DNB</subfield></datafield><datafield tag="700" ind1="-" ind2="1"><subfield code="a">914.3</subfield><subfield code="2">ZDB</subfield></datafield><datafield tag="700" ind1="-" ind2="1"><subfield code="a">943</subfield><subfield code="2">ZDB</subfield></datafield><datafield tag="700" ind1="l" ind2="1"><subfield code="a">710 ; 330</subfield></datafield><datafield tag="700" ind1="n" ind2="1"><subfield code="a">Eilendorf</subfield><subfield code="0">https://nwbib.de/spatial#Q1304021</subfield></datafield><datafield tag="700" ind1="n" ind2="1"><subfield code="a">Landesbeschreibungen</subfield><subfield code="0">https://nwbib.de/subjects#N102000</subfield></datafield><datafield tag="705" ind1="a" ind2="1"><subfield code="a">943.5511005</subfield><subfield code="e">DDC22ger</subfield></datafield><datafield tag="710" ind1="d" ind2="1"><subfield code="a">Aachen</subfield></datafield><datafield tag="902" ind1="-" ind2="1"><subfield code="g">Aachen-Eilendorf</subfield><subfield code="9">(DE-588)4092409-9</subfield></datafield><datafield tag="902" ind1="-" ind2="1"><subfield code="s">Heimatkunde</subfield><subfield code="9">(DE-588)4127794-6</subfield></datafield><datafield tag="902" ind1="-" ind2="1"><subfield code="f">Zeitschrift</subfield></datafield><datafield tag="904" ind1="a" ind2="1"><subfield code="a">DE-6</subfield><subfield code="a">DE-605</subfield></datafield><controlfield tag="SYS">005434555</controlfield><datafield tag="LOW" ind1="-" ind2="1"><subfield code="a">A0001</subfield></datafield><datafield tag="LOW" ind1="-" ind2="1"><subfield code="a">X0001</subfield></datafield><datafield tag="LOW" ind1="-" ind2="1"><subfield code="a">Q0001</subfield></datafield><datafield tag="LOW" ind1="-" ind2="1"><subfield code="a">R0001</subfield></datafield><datafield tag="LOW" ind1="-" ind2="1"><subfield code="a">K1139</subfield></datafield><datafield tag="952" ind1="-" ind2="1"><subfield code="s">Heimatforschung</subfield></datafield><datafield tag="952" ind1="-" ind2="1"><subfield code="s">Heimatgeschichte</subfield></datafield><datafield tag="088" ind1=" " ind2=" "><subfield code="a">2187</subfield><subfield code="b">MAG</subfield><subfield code="e">Präsenzbestand</subfield></datafield><datafield tag="088" ind1=" " ind2=" "><subfield code="a">5</subfield><subfield code="c">Z 95/130</subfield><subfield code="d">1.1983(1985) - 18.2000(2002); 19/20.2001/02(2003) -</subfield></datafield><datafield tag="088" ind1=" " ind2=" "><subfield code="a">61</subfield><subfield code="b">93</subfield><subfield code="c">rei z 3</subfield><subfield code="d">4.1986 -</subfield></datafield><datafield tag="088" ind1=" " ind2=" "><subfield code="a">82</subfield><subfield code="c">Md5099</subfield><subfield code="d">3.1985(1986) - 23.2005(2006)</subfield></datafield><datafield tag="088" ind1=" " ind2=" "><subfield code="a">82</subfield><subfield code="c">Einzelsign.</subfield><subfield code="d">25/26.2007/08(2008) -</subfield></datafield><datafield tag="088" ind1=" " ind2=" "><subfield code="a">38/445</subfield><subfield code="c">Ff 176/52</subfield><subfield code="d"> 2.1984; 5.1987; 6.1988</subfield></datafield><datafield tag="088" ind1=" " ind2=" "><subfield code="a">929</subfield><subfield code="c">Z 5354</subfield><subfield code="d">1.1983(1984) - 11.1993(1994); 13.1995(1996) - 23.2005(2006)</subfield></datafield><datafield tag="088" ind1=" " ind2=" "><subfield code="a">5</subfield><subfield code="c">Z 95/130</subfield><subfield code="d">30/31.2013/14</subfield></datafield><datafield tag="200" ind1=" " ind2="9"><subfield code="0">1</subfield><subfield code="b">1.1983(1985) - 18.2000(2002); 19/20.2001/02(2003) -</subfield><subfield code="e">1.1983(1985); 2.1984(1987); 4.1986(1989) als 2. Aufl.; 3.1985(1989) als 3. Aufl. vorhanden</subfield><subfield code="f">Z 95/130</subfield><subfield code="2">Q0001</subfield></datafield><datafield tag="700" ind1=" " ind2="9"><subfield code="a">HIST P 411 b</subfield><subfield code="2">Q0001</subfield></datafield><datafield tag="200" ind1=" " ind2="9"><subfield code="0">1</subfield><subfield code="b">4.1986 -</subfield><subfield code="f">rei z 3</subfield><subfield code="g">93</subfield><subfield code="2">X0001</subfield></datafield><datafield tag="200" ind1=" " ind2="9"><subfield code="0">1</subfield><subfield code="b">3.1985(1986) - 23.2005(2006)</subfield><subfield code="f">Md5099</subfield><subfield code="2">A0001</subfield></datafield><datafield tag="200" ind1=" " ind2="9"><subfield code="0">2</subfield><subfield code="b">25/26.2007/08(2008) -</subfield><subfield code="f">Einzelsign.</subfield><subfield code="2">A0001</subfield></datafield><datafield tag="200" ind1=" " ind2="9"><subfield code="0">1</subfield><subfield code="b"> 2.1984; 5.1987; 6.1988</subfield><subfield code="f">Ff 176/52</subfield><subfield code="2">K1139</subfield></datafield><datafield tag="200" ind1=" " ind2="9"><subfield code="0">1</subfield><subfield code="b">1.1983(1984) - 11.1993(1994); 13.1995(1996) - 23.2005(2006)</subfield><subfield code="e">Dauerleihgabe WGfF</subfield><subfield code="f">Z 5354</subfield><subfield code="2">R0001</subfield></datafield><datafield tag="200" ind1=" " ind2="9"><subfield code="0">2</subfield><subfield code="a">- CD-Beil. zu</subfield><subfield code="b">30/31.2013/14</subfield><subfield code="f">Z 95/130</subfield><subfield code="2">Q0001</subfield></datafield></record></metadata></record></ListRecords></OAI-PMH>